@ARTICLE{Chen2020,
   author = {Chen et al.},
    title = "{Development of Experimental Techniques for Parameterization of Multi-scale Lithium-ion Battery Models}",
     year = 2020,
     journal = {Journal of The Electrochemical Society}
    url = {https://doi.org/10.1149/1945-7111/ab9050}
}